<?xml version="1.0" encoding="UTF-8"?><collection xmlns="http://www.loc.gov/MARC21/slim"><record><leader>00448nam--2200169-i-4500</leader><controlfield tag="001">000023138</controlfield><controlfield tag="002">20161230</controlfield><controlfield tag="005">20161230201034</controlfield><controlfield tag="008">060222s1000------------r-----000-0-eng-d</controlfield><datafield ind1=" " ind2=" " tag="040"><subfield code="a">IFIN-HH</subfield></datafield><datafield ind1=" " ind2=" " tag="080"><subfield code="a">62:531</subfield></datafield><datafield ind1="1" ind2=" " tag="100"><subfield code="a">Huang, T.C</subfield></datafield><datafield ind1="1" ind2="0" tag="245"><subfield code="a">Engineering mechanics</subfield><subfield code="b">Vol.2.dynamics</subfield><subfield code="c">T.C. Huang</subfield></datafield><datafield ind1=" " ind2=" " tag="260"><subfield code="a">Readding, Mass., Adison-wesley Publ.,Co.,1969</subfield></datafield><datafield ind1=" " ind2=" " tag="300"><subfield code="a">XV +/-399-860/P</subfield></datafield><datafield ind1=" " ind2=" " tag="852"><subfield code="a">36614</subfield><subfield code="c">531</subfield></datafield><datafield ind1=" " ind2=" " tag="CAT"><subfield code="a">Sys</subfield><subfield code="c">20100624</subfield><subfield code="h">110727</subfield></datafield></record></collection>